@online{1,
  author =       {Daniel Gruss},
  title =        {{Software-based Microarchitectural Attacks}},
  url =          {https://gruss.cc/files/phd_thesis.pdf},
}